<record><leader>00000cas a22000007a 4500</leader><controlfield tag="001">13337446</controlfield><controlfield tag="008">860324d18921930paudn ne      0    0eng d</controlfield><datafield ind1=" " ind2=" " tag="010"><subfield code="a">sn 86081204 </subfield></datafield><datafield ind1=" " ind2=" " tag="040"><subfield code="a">NPH</subfield><subfield code="b">eng</subfield><subfield code="c">NPH</subfield><subfield code="d">OCLCQ</subfield></datafield><datafield ind1=" " ind2=" " tag="042"><subfield code="a">msc</subfield></datafield><datafield ind1="0" ind2=" " tag="130"><subfield code="a">Daily news (Mount Carmel, Pa.)</subfield></datafield><datafield ind1="1" ind2="4" tag="245"><subfield code="a">The daily news.</subfield></datafield><datafield ind1=" " ind2=" " tag="260"><subfield code="a">Mount Carmel, Pa. :</subfield><subfield code="b">News Pub. Co.</subfield></datafield><datafield ind1=" " ind2=" " tag="300"><subfield code="a">v. :</subfield><subfield code="b">ill.</subfield></datafield><datafield ind1=" " ind2=" " tag="310"><subfield code="a">Daily (except Sunday)</subfield></datafield><datafield ind1="1" ind2=" " tag="362"><subfield code="a">Began in 1892; ceased in 1930?</subfield><subfield code="z">Cf. Rossell, G. Pa. newspapers.</subfield></datafield><datafield ind1=" " ind2=" " tag="588"><subfield code="a">Description based on: No. 2 (Sept. 27, 1892).</subfield></datafield><datafield ind1=" " ind2=" " tag="752"><subfield code="a">United States</subfield><subfield code="b">Pennsylvania</subfield><subfield code="c">Northumberland</subfield><subfield code="d">Mount Carmel.</subfield></datafield></record>